2824 3647
86 425 158 452 ιτ,
229 383 1674 467 Νθσῃψκὸωωωωὶωυὶἄασοηωῢεοφίκῗ

1292 549 1544 615 xvsti
1869 520 1918 547 ²

392 668 445 710 Et
471 668 597 711 Paulo
624 669 791 722 quadem,
819 672 864 709 ut
890 669 1062 710 relatum
1090 672 1151 709 est
1178 679 1315 721 supra,
1348 669 1524 710 Catenae
1551 669 1719 715 inditum
1746 671 1808 710 eet
1843 661 2142 721 commun
2179 681 2245 721 oo,
2277 671 2386 726 quod
2418 663 2466 713 ῦὸ
2493 675 2626 715 σαι-ι

221 744 423 796 fucandi-5
448 746 738 786 calumniarum
763 744 932 784 umbus
960 748 1051 785 erat
1066 745 1362 794 indissolubilis,
1393 749 1534 784 tetra
1560 755 1755 785 venena
1782 756 1964 785 serene
1990 747 2246 797 varieque
2273 746 2614 797 disperdens:

226 821 273 861 nt
296 820 345 878 iot
365 820 711 861 colluctationibus
738 821 850 861 calce
877 822 1011 861 tencre
1037 821 1199 871 quddam
1224 821 1354 860 solent
1381 819 1563 870 artifices
1581 820 1859 871 palaestritae.

287 933 289 935 .
391 894 560 938 vaticani
587 901 624 941 et
648 894 850 939 Florentini
876 896 1062 949 scriptura
1090 895 1185 934 liaeo
1212 900 1287 935 est:
1318 899 1409 935 erat
1433 895 1719 939 indissolubilis
1757 897 1867 937 intra
1901 899 2132 939 inveneram
2168 908 2257 941 sese
2292 899 2490 942 varietate
2517 897 2605 937 die-

223 964 425 1019 ,adeun
460 973 499 1009 in
532 969 666 1011 codice
700 969 819 1021 Regio
856 974 942 1020 post
969 970 1254 1009 indissolubilis
1281 970 1416 1010 lacuna
1458 976 1527 1022 est,
1568 975 1773 1027 sequuntur
1811 972 1926 1012 verba
1967 973 2164 1012 varietate
2201 972 2443 1031 dispondeus.
2500 972 2608 1025 Quae

228 1042 402 1092 Valesius
427 1045 501 1089 hoc
527 1045 639 1086 modo
665 1044 898 1089 emendavit:
941 1056 988 1085 co
1017 1045 1123 1098 quod
1147 1047 1189 1084 in
1217 1046 1503 1095 complicandis
1530 1046 1822 1087 calumniarum
1862 1046 2031 1087 nexibus
2074 1050 2164 1088 crat
2190 1047 2474 1090 indissolubilis
2502 1051 2609 1091 tetra

225 1119 473 1165 &ventorum
497 1131 585 1161 seso
612 1122 808 1163 varietate
834 1120 1083 1167 distendens,·
1111 1124 1357 1166 inventorum
1384 1121 1534 1171 quidem
1560 1122 1715 1171 scripsit
1739 1122 1832 1160 satis
1859 1120 2140 1163 accommodate
2166 1121 2215 1164 ad
2240 1108 2474 1173 sententiam,
2500 1125 2606 1164 tetra

228 1197 350 1236 autem
377 1195 599 1236 vocabulum
621 1195 830 1236 Gronovius
856 1200 960 1239 reete
988 1197 1202 1246 vituperans
1228 1195 1419 1235 lenissima
1446 1197 1649 1236 mutatione
1675 1197 1780 1234 neira
1806 1195 2044 1236 scribendum
2072 1197 2240 1237 coniecit.
2298 1199 2348 1238 At
2376 1197 2610 1238 distendendi

229 1268 384 1308 verbum
421 1270 492 1308 hoe
530 1269 615 1309 loco
659 1279 815 1320 prorsus
855 1270 1017 1316 alienum
1054 1269 1211 1319 videtur,
1252 1280 1367 1320 quare
1406 1272 1445 1309 in
1497 1272 1566 1310 hac
1616 1259 1805 1326 scriptura
1840 1273 2081 1323 acquiescere
2109 1282 2185 1311 non
2212 1282 2424 1321 possumus.
2481 1274 2613 1325 Neque

228 1354 319 1383 vero
345 1342 446 1394 quod
459 1344 665 1384 Salmasius
692 1329 852 1385 coniecit
878 1344 926 1384 ad
949 1344 1116 1384 Solinum
1145 1354 1180 1394 p.
1211 1344 1310 1383 291:
1339 1347 1483 1384 miram
1511 1347 1552 1385 in
1579 1346 1774 1386 nodorum
1801 1348 2039 1386 varietatem
2065 1356 2153 1387 cese
2181 1347 2427 1398 dispondeus,
2458 1353 2613 1399 propter

227 1418 389 1468 ineptam
416 1420 616 1469 imaginem
643 1420 731 1459 ferri
758 1425 892 1470 potest.
967 1420 1050 1460 Jam
1087 1424 1285 1469 antequam
1328 1425 1493 1464 nostram
1536 1420 1831 1462 emendationem
1873 1422 2120 1471 proferamus,
2163 1421 2446 1462 consideremus
2489 1423 2611 1473 qualis

228 1494 409 1534 sententia
437 1495 564 1534 inesse
589 1494 756 1534 videatur
783 1496 839 1534 eis
866 1494 1002 1541 verbis,
1027 1505 1124 1544 quae
1148 1496 1383 1545 apertissime
1398 1500 1572 1546 corrupta
1590 1495 1781 1536 codicibus
1794 1496 1904 1536 nobis
1918 1495 2118 1536 traduntur.
2176 1496 2269 1536 Cum
2297 1496 2484 1546 quomodo
2498 1497 2614 1538 Paulo

227 1579 438 1620 cognomen
451 1581 473 1610 c
482 1576 556 1610 ate
565 1581 590 1610 n
600 1581 654 1611 ae
668 1565 717 1611 sn
728 1569 925 1621 inditum&
935 1572 1120 1620 scriptore
1133 1570 1351 1629 explicetur,
1361 1572 1537 1620 primaria
1551 1576 1609 1611 est
1621 1573 1722 1612 notio
1736 1582 1757 1612 c
1767 1582 1790 1611 o
1800 1582 1835 1611 m
1846 1571 1979 1621 plica
1988 1582 2015 1613 n
2025 1569 2070 1611 di
2084 1577 2120 1611 et
2134 1570 2283 1624 quidem
2299 1573 2616 1623 complicabuntur

227 1654 349 1684 nexus
375 1644 531 1684 calum
544 1646 749 1694 niarum3
777 1645 1011 1695 fingebantur
1025 1647 1137 1696 igitur
1165 1656 1187 1684 a
1216 1644 1330 1684 Paulo
1361 1649 1539 1686 contra
1568 1648 1826 1685 veritatem
1855 1647 2021 1690 crimina.
2050 1645 2160 1685 Hanc
2186 1648 2407 1688 sententiam
2434 1645 2614 1687 conside-

227 1720 323 1762 rami
348 1720 399 1759 ita
426 1722 642 1763 Ammianus
667 1721 869 1777 scripsisse
889 1721 978 1761 mihi
1007 1720 1167 1762 videtur:
1199 1731 1246 1761 eo
1278 1720 1383 1770 quod
1409 1721 1451 1758 in
1479 1720 1763 1770 complicandis
1792 1720 2084 1761 calumniarum
2112 1719 2280 1760 nexibus
2313 1723 2402 1761 erat
2428 1721 2606 1761 indisso-

228 1795 359 1842 babilis
383 1797 512 1837 mira
538 1797 867 1837 inventorum
893 1799 1036 1837 serie
1064 1798 1347 1836 veritatem
1376 1794 1615 1846 disperdens.
1675 1794 1788 1836 Vides
1817 1796 1940 1836 omnia
1967 1796 2162 1846 aptissime
2191 1795 2392 1836 cohaerere
2420 1800 2459 1837 ut
2484 1797 2608 1837 series

226 1871 471 1917 mattarum
496 1870 721 1925 respondeat
746 1871 915 1912 nexibus
940 1871 1224 1924 complicandis
1248 1875 1361 1921 atque
1393 1870 1602 1910 calumniis
1628 1869 1742 1910 verba
1782 1872 1989 1911 veritatem
2028 1870 2267 1921 disperdens.
2329 1870 2484 1911 Accedit
2511 1870 2611 1921 quod

228 1947 352 1992 octies
377 1948 527 2001 proprie
554 1945 602 1987 de
625 1952 803 1988 catena
834 1946 977 1998 dicitur,
1002 1946 1048 1987 de
1077 1957 1150 1997 qua
1179 1949 1262 1997 ipsa
1289 1946 1362 1985 hoe
1392 1946 1477 1985 loeo
1508 1956 1632 1986 sermo
1662 1952 1730 1986 est.

1294 2091 1398 2150 XV,
1429 2093 1472 2151 4,
1505 2092 1546 2143 3.

386 2196 440 2236 Et
472 2198 658 2246 memori
691 2196 742 2235 ab
781 2200 871 2236 ortu
905 2199 1071 2247 poterat
1110 2199 1349 2248 priuaocnio
1388 2199 1513 2248 copiis
1551 2196 1775 2237 exuberans
1813 2199 2001 2248 propriis,
2040 2199 2081 2237 m·
2106 2199 2238 2238 ruenti·
2266 2200 2447 2237 curreret
2471 2198 2611 2239 simitu

218 2276 352 2324 potius
379 2285 496 2325 quam
518 2272 664 2324 fluenti.
730 2274 896 2324 Jamque
934 2273 1140 2313 absolutus
1177 2276 1337 2326 altaque
1376 2275 1548 2313 divortia
1595 2276 1775 2324 riparum
1815 2274 2029 2324 adrodens,
2060 2275 2192 2313 lacum
2218 2274 2370 2313 invadit
2397 2273 2608 2313 rotundum

223 2352 264 2388 ct
282 2353 447 2399 vastum,
476 2360 589 2401 quem
618 2349 867 2400 Brigantiam
895 2351 1038 2393 accola
1069 2350 1246 2390 Rhaetus
1275 2352 1460 2401 appellat.

382 2425 508 2464 Locus
536 2430 592 2464 est
619 2425 817 2464 admodum
858 2426 1019 2476 mutilus,
1062 2428 1170 2465 euius
1211 2437 1385 2477 magnam
1429 2430 1569 2476 partem
1615 2426 1786 2464 Valesius
1828 2427 2043 2464 felicissime
2087 2425 2307 2464 emendavit.
2364 2427 2486 2463 Minus
2514 2425 2611 2463 bene

218 2509 296 2538 rem
324 2502 442 2551 gessit
468 2502 506 2538 in
535 2499 719 2550 explenda
748 2501 881 2539 lacuna
920 2510 1017 2550 quae
1060 2507 1117 2539 est
1160 2507 1247 2550 post
1287 2504 1443 2551 iamque
1487 2501 1718 2540 vocabulum.
1775 2502 1964 2551 Leguntur
2005 2502 2105 2539 enim
2149 2502 2187 2538 in
2236 2499 2432 2538 codicibus
2474 2500 2610 2539 haece:

218 2576 374 2625 iamque
403 2576 458 2615 ad
472 2607 720 2614 ...........
737 2577 920 2623 solutus,·
950 2575 994 2614 de
1025 2576 1162 2627 quibus
1196 2577 1384 2616 Valesius:
1420 2574 1605 2627 „rectius“
1638 2578 1756 2627 inquit
1798 2577 1959 2628 „scripsi
2001 2578 2158 2626 iamque
2197 2573 2403 2613 absolutus
2441 2576 2602 2626 actaque

218 2649 391 2691 divortia
418 2662 449 2690 e.
479 2662 514 2702 q.
544 2663 573 2691 s.
631 2651 738 2699 Quod
766 2650 915 2702 quidem
945 2651 993 2689 ad
1023 2656 1189 2690 veterum
1220 2649 1388 2690 codicum
1417 2652 1636 2701 scripturam
1672 2652 1826 2701 propius
1855 2649 2011 2689 aceedit.
2069 2652 2116 2689 At
2142 2650 2302 2688 fortasse
2330 2651 2439 2688 etiam
2468 2650 2610 2699 aliquot

215 2729 407 2776 praeterea
437 2724 571 2766 desunt
599 2725 783 2767 voeabula
825 2723 907 2777 (est
950 2727 1047 2764 enirn
1091 2727 1208 2765 maior
1249 2724 1420 2777 lacuna),
1465 2736 1562 2778 quae
1605 2724 1771 2776 suppleri
1815 2729 1975 2775 possunt
2016 2726 2054 2763 in
2097 2724 2196 2763 hunc
2240 2723 2408 2763 modum:
2451 2727 2609 2776 iamque

215 2802 409 2850 anqustiis
437 2799 675 2841 absolutus.“
739 2800 795 2840 Ad
825 2802 1045 2840 sententiam
1074 2800 1223 2851 quidem
1262 2801 1341 2840 hoc·
1374 2802 1466 2840 satis
1510 2784 1676 2851 quadrat,
1719 2810 1789 2839 nec
1831 2809 1949 2850 quare
1991 2799 2203 2849 Wagnerus
2244 2808 2318 2836 non
2367 2799 2440 2837 hoc
2482 2801 2607 2849 potius

214 2877 400 2928 receperit
427 2887 536 2928 quam
566 2878 728 2928 priorem
758 2877 906 2917 Valesii.
926 2877 1234 2927 emendationem,
1262 2876 1478 2927 intellegere
1506 2887 1673 2929 possum,
1719 2886 1803 2915 nam
1845 2876 1960 2926 prior,
1987 2884 2071 2914 cum
2114 2883 2270 2924 prorsus
2312 2873 2412 2912 nulla
2454 2874 2612 2914 lacunae

213 2953 309 2992 ratio
336 2951 524 3002 habeatnr,
552 2952 702 3002 probari
731 2954 882 2993 omnino
909 2963 984 2993 non
1015 2957 1148 3004 potest.
1206 2952 1337 3002 Neque
1364 2963 1453 2991 vero
1490 2953 1604 2991 altera
1647 2952 1755 2991 nobis
1799 2953 1891 2990 satis
1925 2951 2027 3000 facit,
2071 2951 2161 2999 quia
2206 2949 2342 2988 lacuna
2370 2950 2467 2988 inter
2495 2959 2611 2990 voces

214 3027 272 3065 ad
296 3030 332 3065 et
358 3027 512 3066 solutus
536 3032 604 3077 est,
633 3038 709 3067 non
736 3030 833 3067 inter
873 3031 1033 3080 iamque
1079 3034 1115 3067 et
1163 3029 1229 3078 ad,
1271 3032 1309 3065 ut
1350 3032 1452 3066 recte
1497 3027 1588 3067 dixit
1628 3029 1850 3068 Gronovius.
1907 3026 2013 3073 Quod
2042 3027 2125 3076 ipse
2153 3026 2350 3076 proposuit
2375 3024 2609 3066 Gronovius:

211 3102 368 3154 umque
395 3102 451 3142 ad
484 3101 685 3142 Gor-iam
711 3103 866 3143 solatus
894 3102 1039 3144 addens
1068 3102 1216 3144 coriam
1246 3112 1333 3142 esse
1360 3106 1544 3142 vetustam
1572 3106 1609 3142 et
1635 3103 1848 3153 primariam
1891 3100 2022 3141 urbem
2059 3101 2137 3140 rere
2176 3099 2336 3141 mediam
2364 3101 2462 3140 inter
2488 3103 2609 3140 ortum

211 3176 331 3218 Rheni
357 3181 394 3216 et
420 3178 543 3218 lacum
570 3178 799 3228 Brigantiam
826 3177 1013 3228 hodieque
1041 3183 1180 3227 notam,
1208 3182 1335 3227 potest
1377 3176 1526 3227 quidem
1568 3176 1617 3216 ab
1660 3177 1856 3218 Ammiano
1901 3176 2109 3226 protectum
2153 3187 2254 3228 esse,
2290 3173 2358 3216 sed
2401 3175 2514 3216 multo
2553 3180 2612 3217 est
