2824 3647
563 205 680 261 2²t-2i'2s‘1‘*'·7⁴
704 216 869 254 ²·24s2‘5‘s·
902 185 1000 254 ἶ”.·«’ῖι»ι
1077 230 1085 247 2
1114 220 1162 242 θ’·
1275 187 1407 256 mi
1433 189 1586 257 ⁷521*
1626 232 1627 235 ¹

227 364 251 387 t,
442 363 544 386 .
521 296 659 379 (ὦ.
668 296 916 363 &mules
918 306 1158 373 provincias)
1179 314 1402 362 recensere
1432 312 1537 387 pato
1567 327 1672 358 nime
1710 313 1981 370 amoram,
2017 315 2166 369 aesque
2198 316 2499 370 leonnato,
2525 318 2610 358 m

395 369 515 437 euni
540 393 648 449 bella
676 374 865 440 Parthica
881 381 1118 435 &cerm
1143 395 1183 433 et
1210 379 1397 444 Aeqypto,
1425 402 1544 444 quam
1570 395 1797 433 necessario
1827 386 1943 433 atiud
1966 394 2126 433 reieci
2153 392 2208 432 ad
2233 395 2396 444 tempu.

284 484 296 498 ε’
325 456 329 460 V
403 468 459 516 Ex
486 459 618 511 codice
644 468 858 509 Florentino
884 466 1151 518 Lindenbrogii
1179 466 1329 506 affertur
1359 469 1540 517 scriptura
1580 470 1808 507 necessario
1845 467 1958 507 aliud
1990 469 2187 507 reieci..
2252 466 2349 508 ,αδ
2372 469 2534 519 tm,
2560 465 2610 508 de

240 542 376 603 ceteris
401 540 522 587 libris,
534 545 685 584 tacetur.
738 540 844 583 Illum
871 541 906 582 si
933 550 1144 594 sequemur,
1171 538 1272 593 quod
1297 543 1420 582 utrum
1447 543 1548 581 recte
1575 550 1625 580 an
1655 551 1768 582 secus
1795 541 1858 582 flat
1900 551 1999 581 nunc
2027 539 2176 592 quidem
2202 539 2395 582 diiudicari
2418 551 2496 582 non
2517 540 2615 594 lieet,

238 604 478 667 scribendum
504 617 592 658 erit:
617 617 898 658 reiecimus
923 615 980 657 ad
1005 619 1165 668 tempus.

1290 758 1418 821 nv,
1449 743 1490 821 9,
1519 760 1560 811 3.

405 888 524 929 &eius
552 886 628 941 (sc.
657 886 854 940 Caesaris)
880 889 1047 939 imperio
1076 889 1213 928 truci
1241 898 1291 927 ac
1318 888 1486 927 stimulis
1513 889 1686 937 reqinae,
1720 888 1941 927 exertantis
1970 897 2108 927 aurem
2128 885 2293 926 subinde
2314 896 2389 937 per
2412 886 2610 937 aulaeum,

238 975 312 1006 nee
343 964 493 1005 diluere
525 964 684 1005 obieeta
707 964 893 1015 permissi
919 973 992 1003 nec
1019 961 1169 1013 defensi
1191 965 1349 1015 periere
1378 963 1607 1014 complures.

401 1038 530 1081 Codex
559 1039 701 1091 Regius
730 1038 796 1092 (de
826 1040 960 1080 ceteris
988 1038 1094 1079 libris
1122 1036 1282 1090 tacetur)
1311 1038 1421 1078 babet
1447 1042 1542 1078 teste
1571 1038 1743 1078 valesio:
1785 1040 1899 1078 cuius
1937 1040 2101 1089 imperio
2139 1041 2270 1077 truces
2308 1039 2405 1076 tima
2443 1037 2611 1077 stimulis

238 1116 402 1166 reginae
429 1126 477 1155 ex
505 1115 642 1166 quibus
669 1116 788 1156 literis
800 1115 974 1156 Valesius
1000 1115 1090 1155 fecit
1114 1114 1151 1155 id
1177 1114 1278 1165 quod
1305 1126 1417 1165 supra
1443 1115 1637 1165 posuimus
1664 1115 1819 1154 resectis
1850 1113 1990 1164 aliquot
2015 1112 2182 1165 vocibus,
2196 1123 2290 1163 quas
2317 1112 2365 1152 ab
2380 1112 2609 1164 imprudente

238 1191 447 1241 antiquario
489 1190 585 1231 male
613 1191 790 1242 repetitas
835 1200 921 1231 esse
947 1194 1067 1241 putat.
1119 1189 1233 1230 Multo
1261 1194 1381 1230 autem
1408 1189 1644 1229 verisimilius
1671 1186 1814 1228 videtur
1852 1190 1948 1228 tima
1982 1187 2107 1228 literas
2133 1198 2219 1228 esse
2246 1186 2468 1239 depravatas
2495 1197 2610 1228 sanae

238 1266 345 1306 vocis
371 1266 561 1318 reliquias,
588 1267 638 1305 ita
666 1270 707 1306 ut
734 1267 782 1305 sit
810 1265 1025 1317 legendum:
1057 1267 1169 1305 cuius
1196 1266 1362 1316 imperio
1392 1265 1691 1304 trucissimo
1721 1273 1771 1303 ac
1798 1263 1966 1303 stimulis
1991 1265 2162 1312 reyinae.

1258 1419 1388 1480 XIV,
1422 1419 1489 1480 11,
1523 1419 1593 1471 26.

412 1561 735 1610 Voluntatumque
762 1561 990 1599 nostrarum
1035 1568 1182 1598 exorsa
1221 1558 1419 1599 interdum
1447 1558 1529 1598 alio
1557 1568 1674 1609 quam
1704 1570 1778 1609 quo
1821 1557 2117 1608 contendebant,
2155 1560 2263 1599 exitu
2291 1560 2506 1599 terminans
2533 1557 2610 1610 (sc.

240 1633 440 1687 Nemesis)
468 1620 709 1686 multiplices
737 1637 851 1675 actus
873 1634 1137 1685 permutando
1166 1634 1433 1675 convolvit.

403 1710 581 1761 Loquitur
609 1710 827 1750 Ammianus
855 1707 902 1749 de
929 1707 1102 1751 Adrastia
1131 1709 1191 1750 vel
1226 1708 1273 1750 de
1312 1710 1397 1762 fato,
1441 1708 1541 1761 quod
1584 1719 1700 1761 saepe
1741 1709 1894 1750 consilia
1938 1710 2126 1751 hominum
2152 1708 2200 1750 ad
2229 1710 2368 1750 irritum
2396 1709 2538 1762 redigat
2563 1720 2609 1750 ea

240 1787 313 1828 alio
344 1797 456 1838 quam
485 1796 559 1836 quo
588 1783 864 1826 contendebant
891 1786 992 1825 exitu
1020 1787 1242 1836 terminans3
1270 1787 1393 1837 itaque
1420 1789 1603 1837 permutat
1619 1790 1725 1826 actus
1754 1791 1792 1825 ut
1820 1787 1883 1837 qui
1910 1786 2057 1827 felicem
2085 1787 2221 1826 exitum
2239 1785 2397 1830 habituri
2412 1785 2615 1838 videantur,

239 1862 425 1904 infelicem
455 1871 496 1901 re
526 1871 615 1900 vera
642 1858 813 1900 habeant.
868 1857 927 1900 Ad
955 1861 1052 1901 hanc
1081 1861 1299 1900 sententiam
1337 1859 1615 1911 exprimendam
1657 1871 1732 1901 non
1767 1862 1857 1901 satis
1898 1865 1985 1912 apta
2025 1865 2082 1901 est
2108 1862 2208 1901 notio
2236 1862 2489 1902 convolvendi
2516 1872 2613 1913 quae

240 1947 324 1977 cum
352 1933 588 1986 permutandi
615 1933 732 1974 verbo
761 1935 961 1975 coniuncta
987 1936 1201 1975 necessario
1230 1935 1431 1986 significatx
1459 1935 1606 1975 efficere
1635 1939 1673 1974 ut
1701 1936 1823 1975 omnia
1850 1946 1996 1975 sursum
2024 1935 2195 1975 deorsum
2231 1936 2405 1985 serantur,
2432 1941 2472 1975 ut
2499 1936 2611 1976 modo

205 2060 211 2069 Ι
239 2011 385 2051 felicem
414 2011 551 2049 exitum
579 2014 660 2049 acta
688 2009 848 2048 humana
876 2009 1047 2060 habeant,
1065 2008 1175 2049 modo
1191 2010 1394 2060 infelicem3
1422 2014 1460 2050 at
1488 2020 1573 2050 cum
1603 2011 1819 2050 Ammianus
1832 2010 1975 2063 dixerit,
1997 2011 2219 2051 voluntatum
2242 2016 2451 2051 nostrarum
2473 2022 2610 2051 exorsa

243 2087 344 2127 alio
388 2096 527 2136 quam
555 2096 644 2136 quo
691 2083 1058 2125 contendebant
1084 2084 1185 2124 exitu
1214 2086 1415 2127 terminans
1443 2085 1567 2126 nullus
1597 2085 1717 2125 exitus
1756 2089 1812 2125 est
1851 2084 2071 2138 cogitandus
2109 2087 2181 2125 nisi
2220 2086 2405 2126 infelix.
2476 2088 2610 2137 Aptius

244 2162 357 2213 igitur
389 2159 437 2200 ad
465 2161 686 2201 sententiam
714 2157 1034 2200 convellendi
1064 2158 1218 2200 verbum
1247 2171 1332 2201 esse
1359 2166 1449 2212 puto
1477 2166 1518 2202 ut
1546 2158 1817 2200 emendandum
1847 2161 1911 2200 sit:
1935 2161 2196 2212 permutando
2222 2162 2481 2201 convellit.

1295 2305 1397 2367 XV,
1430 2307 1474 2368 2,
1504 2307 1544 2358 5.

407 2433 533 2485 luitur
556 2435 701 2485 paucis
729 2442 969 2473 arcanorum
991 2430 1209 2485 praefectis
1236 2437 1404 2475 consciis
1433 2436 1602 2476 latenter
1633 2447 1720 2475 cum
1770 2436 2013 2486 Imperatore
2044 2438 2353 2474 sententiam
2388 2447 2444 2474 ro
2453 2440 2608 2485 yante

240 2510 286 2551 id
311 2510 473 2550 sederat
498 2512 544 2550 ut
568 2512 684 2550 nocte
712 2512 879 2550 ventura
902 2510 1048 2560 procul
1073 2519 1099 2548 a
1127 2514 1337 2561 conspectu
1362 2513 1596 2553 militarium
1625 2516 1763 2565 raptus
1797 2511 1996 2552 Ursicinus
2021 2512 2268 2552 indemnatus
2296 2512 2552 2553 occideretur.

406 2582 563 2625 Codices
589 2588 684 2625 teste
710 2584 862 2625 valesio
891 2583 1044 2625 habent:
1074 2595 1162 2625 cum
1187 2586 1429 2637 imperatore
1447 2590 1643 2629 sententia
1772 2619 1779 2626 .
1884 2587 1926 2627 id
1954 2587 2122 2627 sederat.
2179 2587 2310 2626 Sermo
2339 2592 2395 2626 est
2421 2587 2469 2628 de
2481 2588 2608 2628 Arbe-

239 2661 352 2712 tione,
380 2661 445 2710 qui
459 2659 672 2699 Ursicinum
700 2660 883 2712 collegam
912 2662 1038 2711 specie
1065 2662 1250 2700 amicitiae
1277 2662 1522 2713 impugnabat
1549 2664 1679 2704 letales
1709 2664 1863 2705 insidias
1890 2665 1924 2703 ei
1949 2668 2155 2714 paraturus.
2211 2664 2324 2714 lgitur
2336 2665 2468 2715 paucis
2494 2652 2610 2715 prae-

240 2734 348 2775 lectis
377 2744 599 2775 areanorum
628 2736 793 2775 consciis
821 2736 1008 2774 constituit
1035 2740 1147 2774 noete
1175 2740 1329 2776 ventura
1342 2737 1557 2778 Ursicinum
1584 2739 1763 2780 occidere.
1816 2739 1890 2778 Sed
1919 2738 2007 2788 quid
2024 2725 2111 2777 'sibi
2141 2739 2265 2778 volunt
2279 2738 2415 2778 verba:
2443 2740 2611 2779 latenter

241 2819 331 2850 cum
359 2810 601 2861 imperatore
632 2813 866 2850 sententiam
894 2812 1092 2861 royante?
1147 2811 1281 2851 Nonne
1308 2814 1340 2851 si
1366 2821 1466 2853 reete
1494 2813 1699 2865 rogandi
1729 2813 1881 2852 verbum
1919 2813 2080 2853 additum
2125 2818 2226 2853 esset
2265 2815 2320 2853 sic
2361 2815 2484 2863 potius
2509 2816 2609 2854 scri-

240 2884 402 2926 bendum
442 2886 526 2925 ruit:
565 2887 733 2926 latenter
767 2888 1047 2937 imperatorem
1085 2889 1321 2927 sententiam
1364 2893 1523 2939 royanti
1561 2892 1700 2929 omissa
1739 2901 1826 2929 cum
1861 2872 2164 2940 praepositione?
2218 2889 2293 2929 Sed
2320 2891 2494 2939 quoniam
2522 2899 2609 2929 cim

242 2962 485 3011 imperatore
513 2963 550 3001 in
581 2961 754 3001 omnibus
779 2961 884 3002 libris
913 2961 1079 3002 traditum
1109 2967 1178 3014 est,
1207 2963 1277 3003 tale
1309 2964 1459 3005 verbum
1490 2965 1623 3005 lacuna
1654 2963 1838 3004 excidisse
1865 2969 2032 3015 apparet,
2067 2962 2114 3003 ad
2151 2963 2250 3014 quod
2289 2974 2357 3003 eae
2385 2975 2497 3004 voces
2524 2969 2609 3015 apte

240 3036 370 3096 referri
399 3038 555 3087 possint.
613 3021 833 3077 Addendum
861 3039 972 3089 igitur
998 3039 1201 3078 collata
1228 3041 1251 3079 i.
1281 3051 1312 3079 e.
1341 3044 1536 3090 postquam
1569 3049 1652 3079 cum
1681 3040 1902 3090 imperatore
1927 3041 2146 3080 sententiam
2169 3040 2469 3088 communicavit3
2496 3044 2608 3090 pote-

241 3121 321 3152 ram
353 3113 460 3152 etiam
490 3115 783 3153 communicata
810 3113 987 3164 scribere,
1014 3113 1081 3154 sed
1109 3116 1142 3153 si
1171 3114 1258 3164 quid
1286 3115 1367 3155 fidei
1399 3115 1525 3155 haberi
1555 3119 1678 3164 potest
1716 3115 1879 3164 valesio,
1919 3115 2051 3155 lacuna
2098 3120 2155 3154 est
2195 3116 2315 3154 minor
2354 3124 2464 3167 quam
2492 3119 2532 3154 ut
2558 3118 2612 3155 tot
