2824 3647
206 233 488 288 10111οΜ
485 243 580 295 ⁸¹?
568 234 809 290 m
831 234 1252 290 mmm
1274 230 1932 299 mmmmm·

142 304 1084 371 ffmmmml’
1111 308 1651 371 Cmffifflt’htsstww
1648 298 2214 373 mmmm>

187 383 947 438 --ΜΜ-Ιὼὶωᾯοδοῦιυ
975 387 1131 442 gerenti.
1186 383 1577 437 saihendumigttur
1608 384 1799 433 diuma
1827 377 2066 435 m*
2050 379 2357 452 vdfflJ-rſj‘s'

175 451 1433 526 vprmissabseutiai.e.licilierltestdulilueulitteefertlpeit·
1599 493 1601 497 s

1226 633 1356 697 XIV,
1387 634 1429 697 6,
1462 634 1532 686 13.

365 784 532 833 Aquinas
560 794 656 824 vero
691 784 851 823 tandem
889 787 929 823 et
955 783 1134 824 adscitus
1159 786 1202 823 in
1230 786 1450 829 amicitiam
1477 786 1512 825 si
1540 787 1580 825 te
1605 782 1809 824 salutandi
1836 781 2068 823 assiduitati
2086 780 2244 822 dederis
2262 781 2433 821 nimo
2457 778 2590 821 iit&-

204 862 337 899 cretus
366 861 407 899 et
429 870 506 910 per
534 859 698 899 totidem
726 857 901 909 defueris
929 862 1082 910 tempus
1108 862 1323 900 reverteris
1349 860 1404 900 ad
1426 861 1550 911 paria
1585 857 1851 911 perferenda:
1888 868 1962 898 nec
1998 855 2069 898 ubi
2104 865 2212 897 esses
2244 856 2516 906 ἐπίοι-νοσσία*
2550 856 2593 895 st

198 943 292 973 m
320 943 342 972 e
367 933 499 973 medio
528 932 769 981 discesseris,
800 935 974 973 aetatem
1002 944 1156 974 onmem
1179 931 1335 983 frustra
1370 935 1413 974 in
1439 936 1630 986 stipite
1658 936 1839 975 conteres
1865 931 2139 975 subatittendo.
2480 923 2482 925 ’

358 1008 492 1048 Sermo
522 1012 580 1047 est
608 1006 654 1046 de
684 1007 844 1047 honesto
874 1007 1032 1060 advena,
1062 1010 1126 1059 qui
1152 1008 1315 1049 adscitus
1345 1011 1384 1048 in
1406 1011 1605 1050 amicitiam
1634 1009 1683 1049 ab
1712 1009 1860 1049 homine
1874 1007 1978 1048 diviti
2004 1017 2073 1057 per
2091 1008 2287 1046 triennium
2315 1016 2359 1045 se
2386 1004 2592 1045 assiduitati
2632 991 2634 994 ’

201 1082 388 1126 salutandi
419 1081 570 1123 dederit.
627 1082 720 1123 Cum
748 1088 870 1122 autem
900 1082 1058 1124 desuerit
1084 1094 1153 1134 per
1180 1089 1325 1135 tempus
1362 1084 1562 1126 totidem
1605 1084 1789 1125 dierum
1832 1084 1906 1137 (sic
1933 1084 2032 1124 enim
2061 1093 2147 1123 cnm
2178 1081 2327 1122 valesio
2370 1077 2589 1132 legendum)

199 1169 349 1201 omnem
377 1161 531 1210 operam
561 1159 599 1198 in
629 1157 884 1208 comparanda
926 1159 1089 1198 amicitia
1132 1160 1269 1199 frustra
1314 1161 1556 1201 collocaverit
1583 1165 1619 1200 et
1660 1160 1707 1200 ad
1749 1162 1855 1212 paria
1884 1150 2104 1210 perferenda
2130 1160 2154 1198 i.
2181 1169 2213 1198 e.
2239 1156 2287 1197 ad
2315 1157 2440 1197 omnia
2468 1154 2589 1200 denuo

197 1233 370 1275 facienda
396 1238 620 1281 revertetur3
648 1236 699 1274 ita
724 1233 862 1278 trustra
900 1232 1047 1274 divitem
1087 1234 1273 1275 hominem
1315 1246 1403 1275 vere
1441 1235 1663 1276 benevolum
1706 1235 1780 1276 sibi
1820 1234 1978 1275 reddere
2020 1233 2192 1275 studebit.
2248 1232 2352 1272 Haec
2380 1235 2510 1288 aperta
2534 1234 2609 1274 est⁸

200 1310 383 1351 sententia
412 1309 522 1351 huius
551 1310 641 1361 loci,
670 1320 768 1359 quae
796 1310 834 1349 in
863 1308 1001 1349 ultimis
1031 1308 1168 1361 verbis,
1197 1311 1320 1360 qualia
1361 1300 1555 1352 codicibus
1599 1311 1803 1364 traduntur,
1844 1312 1971 1352 inesse
2011 1304 2088 1350 non
2129 1312 2266 1360 potest,
2305 1308 2466 1358 stipitem
2491 1306 2591 1346 enim

202 1385 418 1426 submittere
448 1395 524 1425 non
552 1386 740 1436 significat
771 1386 978 1435 „cervicem
1007 1395 1098 1436 prae
1125 1386 1222 1425 fastu
1251 1386 1406 1437 rigidam
1435 1388 1584 1426 flectere
1620 1392 1657 1425 et
1692 1384 1870 1437 mollire‚“
1900 1391 1940 1425 ut
1971 1384 2155 1435 Wagneri
2182 1386 2240 1422 est
2284 1381 2481 1431 sententia,
2521 1378 2590 1420 sed

197 1460 272 1502 sibi
298 1460 474 1501 subicere
503 1465 539 1500 et
570 1460 746 1501 humilem
775 1461 911 1512 lacere,
938 1459 976 1499 id
1004 1460 1105 1511 quod
1132 1462 1351 1502 Ammianus
1380 1462 1504 1501 dicere
1531 1462 1659 1514 noluit,
1686 1471 1773 1500 nam
1803 1465 1933 1500 contra
1960 1461 2022 1499 ille
2054 1459 2200 1499 advena
2238 1468 2280 1497 se
2321 1456 2423 1495 diviti
2449 1456 2591 1495 homini

199 1535 335 1577 subicit
363 1540 402 1576 ut
425 1537 464 1575 in
491 1537 572 1576 eius
600 1537 763 1576 amicitia
791 1537 952 1576 haereat.
1011 1536 1059 1576 Ut
1098 1538 1210 1587 igitur
1237 1537 1334 1577 haec
1362 1539 1546 1578 sententia
1575 1537 1766 1587 efficiatur,
1794 1537 1868 1576 leni
1892 1536 2095 1576 mutatione
2123 1544 2220 1584 opus
2249 1536 2324 1572 est:
2353 1533 2395 1570 in
2421 1532 2590 1581 stipiti

198 1614 247 1652 te
277 1614 459 1652 conteres
486 1610 759 1652 submittendo.

1249 1738 1376 1799 XIV,
1409 1738 1449 1798 6,
1481 1738 1548 1789 18.

371 1886 485 1935 Quod
513 1898 601 1925 cum
628 1889 688 1925 ita
730 1890 795 1936 sit,
830 1899 1036 1938 paucae
1066 1889 1216 1936 domus,
1255 1889 1475 1927 studiorum
1502 1888 1620 1926 seriis
1648 1886 1818 1926 cultibus
1856 1888 1978 1925 antea
2009 1883 2247 1931 celebratae,
2276 1891 2380 1922 nunc
2409 1878 2591 1920 ludibriis

204 1962 390 2009 iynaviae
420 1963 613 2011 torpentis
641 1962 855 2010 exundant,
883 1963 1016 2001 vocali
1042 1973 1151 2011 sono,
1177 1960 1376 2012 perflabili
1405 1964 1548 2001 tinnitu
1573 1961 1710 2011 fidium
1737 1961 1984 2001 resultantes.

363 2033 488 2074 Pauci
515 2035 686 2075 adiectivi
716 2037 819 2075 notio
862 2036 910 2075 ab
942 2037 1014 2076 1100
1044 2036 1128 2075 1000
1156 2047 1312 2086 prorsus
1342 2038 1461 2077 aliena
1490 2041 1561 2086 est,
1589 2047 1674 2076 nam
1706 2037 1935 2086 Ammianus,
1961 2039 2002 2073 ut
2030 2043 2147 2083 supra
2175 2030 2262 2081 dixi,
2288 2030 2433 2070 incolas
2447 2028 2589 2069 Rornae

202 2110 417 2159 vituperans
445 2112 599 2160 opponit
627 2112 682 2150 eis
713 2110 834 2150 studia
863 2111 1076 2163 laudabilia,
1106 2122 1202 2162 quae
1231 2117 1341 2152 antea
1369 2114 1390 2152 i.
1421 2123 1451 2150 e.
1480 2113 1635 2161 antiqno
1663 2116 1830 2162 tempore
1868 2108 2170 2156 celebrabantur;
2207 2109 2245 2146 at
2283 2115 2354 2145 nec
2379 2104 2461 2145 laus
2487 2106 2590 2145 esset
2622 2160 2627 2163 ι

202 2186 380 2236 temporis
407 2187 607 2236 praeteriti,
634 2198 706 2226 nec
734 2188 955 2238 vituperatio
1000 2189 1210 2239 praesentis
1250 2189 1437 2238 temporis,
1466 2188 1498 2227 si
1535 2197 1722 2237 paucae
1760 2189 1898 2226 tantum
1927 2183 2059 2225 domus
2098 2185 2135 2223 et
2172 2191 2253 2221 eam
2294 2178 2439 2221 laudem
2479 2183 2591 2220 autea

199 2263 237 2300 et
266 2261 573 2312 vituperationem
608 2266 774 2313 tempore
805 2264 999 2314 scriptoris
1042 2264 1226 2303 meruisse
1273 2263 1489 2303 dicerentur.
1566 2260 1845 2302 Emendandum
1886 2260 1998 2310 igitur
2034 2259 2300 2310 patriciae
2327 2257 2349 2295 i.
2379 2266 2410 2295 e.
2441 2254 2588 2295 nobiles

196 2335 340 2375 domus.

1257 2484 1384 2547 XIV,
1417 2486 1457 2547 7,
1491 2486 1532 2536 5.

370 2631 631 2672 Consularem
661 2633 807 2684 Syriae
841 2634 1090 2686 Theophilum
1113 2646 1242 2686 prope
1277 2635 1511 2684 adstantem,
1552 2635 1692 2674 ultima
1727 2633 1914 2673 metuenti
1948 2629 2189 2671 multitudini
2217 2627 2325 2668 dedit
2350 2623 2426 2678 (sc.
2454 2624 2581 2666 Gallus

195 2704 356 2756 Caesar)
385 2706 552 2747 adsidue
580 2707 827 2758 replicanda,
858 2709 964 2759 quod
989 2707 1340 2761 invitoffrectore
1366 2710 1497 2751 nullus
1526 2694 1641 2760 caere
1666 2710 1817 2762 poterit
1843 2709 1957 2748 victu.

360 2780 451 2821 Cum
483 2783 592 2832 plebs
621 2784 888 2824 Antiochensis
917 2786 1134 2835 suppliciter
1162 2785 1378 2826 obsecraret
1405 2786 1547 2828 Gallum
1580 2786 1790 2831 Caesarem,
1816 2788 1856 2824 ut
1882 2781 2028 2824 inediae
2057 2781 2269 2834 dispelleret
2309 2781 2460 2829 metum,
2486 2774 2588 2816 nulla

198 2867 239 2895 re
266 2857 474 2906 periculum
503 2859 586 2908 ipse
616 2859 1000 2909 prohibereconatus
1028 2865 1095 2912 est,
1125 2860 1192 2900 sed
1222 2873 1367 2901 omnem
1397 2865 1432 2901 et
1460 2873 1585 2902 curam
1625 2866 1661 2901 et
1704 2861 1850 2912 culpam
1892 2869 2065 2900 annonae
2107 2857 2296 2899 transtulit
2331 2856 2370 2895 in
2406 2855 2589 2894 rectorem

192 2933 437 2982 Antiochiam
465 2934 581 2974 invito
614 2939 771 2986 rectore,
785 2931 993 2987 “inquiens
1019 2937 1142 2977 nullus
1170 2948 1282 2988 egere
1306 2939 1439 2989 poterit
1466 2939 1577 2978 victu.
1635 2936 1730 2985 Quid
1772 2937 1819 2977 sit
1861 2934 1950 2976 illud
1986 2936 2110 2975 invito
2152 2931 2323 2984 equidem
2361 2928 2590 2980 cogitatione

191 3008 345 3058 assequi
374 3018 450 3047 non
479 3019 643 3061 possum,
671 3020 753 3050 cum
796 3015 1036 3062 expectemus
1074 3016 1221 3053 rectore
1262 3014 1625 3067 prospiciente,
1661 3023 1824 3053 curam
1859 3007 2219 3060 adhibentossvel
2245 3007 2317 3047 tale
2342 3003 2450 3058 :quid
2481 3003 2587 3043 Hanc

204 3087 326 3143 autem
369 3086 592 3124 sententiam
637 3086 787 3126 efficere
830 3097 1032 3137 possumus
1075 3087 1296 3128 scribendo:
1340 3091 1481 3130 iusto
1524 3094 1682 3131 rectore
1708 3093 1730 3129 i.
1762 3100 1792 3129 e.
1832 3098 1915 3127 cum
1957 3079 2078 3127 rector
2122 3085 2244 3125 officia
2287 3092 2367 3133 sua,
2395 3084 2433 3120 ut
2475 3078 2584 3119 decet

188 3160 396 3210 exequitur.
