2824 3647
181 397 383 464 m
406 404 526 449 verba
548 351 745 460 receperit,
771 410 813 449 ut
839 416 889 449 ex
915 396 957 449 et
957 358 1181 461 ''partiouk
1208 415 1307 459 quae
1341 409 1540 460 utrunque
1566 384 1814 454 m
1832 404 2060 467 confingat,
2088 407 2215 455 cath

167 479 1160 541 &damnemimmsilaouum
1211 478 2203 533 qneminoodieibupeetraae,mlzm
2295 484 2476 541 sfrej

191 553 614 608 Qudquod
641 554 735 597 dum
760 554 1288 626 particulasitretsser‘endq,
1308 566 1332 596 a
1372 556 1657 619 conductione
1687 553 1915 642 ΨΜ]
1955 553 2091 597 berum
2124 553 2312 598 ΜΝ»
2340 552 2606 607 mm
2628 582 2646 605 -;

193 619 333 673 ἵει-ἰιι
357 641 408 672 ex
433 629 692 672 emendatione
717 630 817 672 intra
837 626 1044 684 proposita
1061 619 1276 685 apparebit,
1302 631 1417 683 longe
1434 621 1519 673 alia
1535 619 1657 684 ecquo
1683 609 1846 683 epum
1950 640 2001 673 ne
2027 632 2069 673 et
2101 630 2230 674 literas
2252 641 2372 684 posse
2392 624 2588 686 expuent.
2642 638 2666 673 μ
2687 627 2691 630 “
2728 648 2733 652 »

195 706 300 758 Quae
325 705 500 747 Valesius
539 708 578 746 et
612 705 826 759 Wagner-us
861 705 910 748 ad
945 705 1168 759 explendam
1218 706 1391 749 lacunam
1425 704 1668 759 addiderung.
1694 714 1852 760 quorum
1888 706 1952 748 ille
1986 706 2139 759 scripsit
2163 707 2343 749 rationes
2377 716 2513 751 rernm
2539 718 2592 751 ac

193 784 412 835 lamponem
432 780 673 834 ponderare,
700 780 762 823 bic
787 783 967 824 rationes
987 775 1234 836 populorum
1272 773 1486 834 coeno-scit,
1514 774 1627 823 nimis
1653 775 1770 824 multa
1798 785 1887 823 sunt
1913 791 2006 835 prae
2032 783 2221 835 paucitate
2246 792 2374 824 earum
2399 782 2589 828 literarum

195 868 294 910 quae
323 856 551 899 exciderunt.
606 855 681 899 Sed
708 859 818 899 etiam
844 858 958 900 multo
983 860 1179 910 graviores
1214 857 1463 900 dubitationes
1490 858 1550 900 liis
1578 856 1904 900 emendationibus
1931 861 2139 910 moventur,
2166 868 2263 910 quas
2289 858 2424 900 afferre
2448 870 2589 913 super*

195 931 329 976 sedere
353 931 444 974 milii
471 932 592 984 liceat,
632 942 719 974 cum
759 937 915 986 uterque
958 932 1033 976 sibi
1072 934 1149 986 ipsi
1189 944 1233 976 se
1268 944 1346 975 uon
1388 934 1609 977 satisfacere
1645 931 1764 975 libere
1801 932 2028 985 profiteatur.
2085 931 2297 975 Gronovius
2322 935 2438 976 totum
2462 934 2589 978 locum
2648 923 2655 929 ⁵

193 1009 248 1051 ita·
271 1009 480 1051 constituit:
507 992 727 1060 imperator
751 1006 1113 1061 ammonicionem
1149 1010 1286 1062 aequis
1318 1009 1498 1051 omnibus
1528 1010 1685 1051 alienae
1715 1010 1851 1050 eustos
1886 1008 2042 1059 saluus,
2075 1008 2168 1060 dum
2206 1008 2308 1051 nibil
2332 985 2414 1052 nen
2440 1011 2496 1052 ad
2523 1012 2587 1053 sui

194 1087 379 1137 spectare
405 1084 569 1126 tutelam
594 1085 701 1125 ratio
730 1086 801 1134 est,
828 1083 1008 1125 remedia
1041 1086 1187 1125 cuncta
1216 1093 1248 1125 e.
1278 1093 1315 1134 q.
1343 1095 1373 1125 S.
1430 1083 1490 1127 Ad
1518 1094 1564 1127 ea
1600 1082 1825 1137 explicanda
1859 1084 1955 1127 liaeo
1988 1082 2144 1126 addidit:
2190 1083 2457 1138 „Otlloiorum
2454 1096 2587 1139 aequa

196 1163 316 1211 vocat,
340 1168 441 1209 quae
465 1157 549 1200 aliis
575 1158 674 1200 iusta
701 1157 874 1201 dicuntur
901 1160 937 1201 h.
956 1169 988 1200 e.
1014 1169 1084 1210 per
1109 1159 1235 1200 omnia
1263 1168 1364 1209 quae
1387 1161 1555 1211 arripere
1579 1163 1714 1211 potest,
1731 1169 1808 1201 non
1838 1162 1913 1200 tam
1939 1158 1988 1201 ad
2015 1169 2133 1211 mam,
2158 1158 2227 1201 sed
2252 1149 2380 1211 'potius
2409 1170 2583 1211 commu-

200 1245 287 1276 nem
314 1233 468 1275 salutem
488 1234 723 1286 pertinentia,
751 1234 1062 1285 circumspiciens
1090 1243 1173 1274 eam
1203 1237 1239 1273 et
1265 1243 1414 1274 curans.
1470 1234 1566 1276 Huic
1592 1235 1806 1286 imperatori
1832 1235 1926 1275 ratio
1952 1237 2022 1286 est,
2036 1233 2128 1276 nibil
2153 1244 2232 1275 non
2257 1233 2307 1275 ad
2325 1236 2385 1276 sui
2412 1232 2583 1287 spectare

195 1306 378 1351 tutelam.“
437 1309 544 1350 Hanc
587 1308 761 1350 Gronovii
803 1308 985 1349 medelam
1027 1299 1149 1349 uimis'
1183 1309 1395 1359 quaesitam
1431 1311 1570 1363 optimo
1594 1311 1677 1350 iure
1717 1308 1807 1351 dicit
1834 1299 2058 1361 Wagnerus.
2121 1308 2325 1351 Videamus
2350 1311 2464 1362 igitur
2489 1323 2579 1355 num

196 1385 306 1426 nobis
331 1386 372 1425 in
398 1384 484 1424 loeo
511 1395 633 1435 paene
661 1383 861 1435 desperato
888 1394 951 1425 res
980 1385 1114 1425 melius
1145 1382 1336 1435 procedat.
1389 1384 1578 1425 Lacunam
1605 1385 1765 1437 suppleo
1793 1385 1920 1425 verbis
1950 1386 2148 1425 rationem
2185 1384 2307 1426 babet
2331 1386 2355 1426 i.
2385 1397 2416 1426 e.
2446 1389 2580 1429 consi-
2610 1395 2614 1399 ’

194 1460 317 1510 derat;
343 1459 407 1499 cl'r.
436 1456 692 1509 Cicerosnis
718 1460 824 1500 Verr.
852 1459 971 1500 act.Il
987 1460 1050 1499 lib.
1070 1461 1098 1501 2
1127 1470 1208 1510 cap.
1228 1460 1299 1498 29:
1328 1459 1405 1499 boc
1430 1461 1601 1499 rationis
1627 1459 1839 1509 habebant,
1850 1457 1991 1510 facere
2018 1471 2088 1500 eos
2113 1461 2223 1501 nullo
2249 1461 2368 1501 modo
2390 1473 2512 1513 posse
2537 1467 2584 1505 ut

195 1536 332 1576 eodem
359 1537 533 1583 crimine,
564 1535 708 1574 eisdem
738 1534 901 1574 testibus
928 1535 1145 1586 Sopatrum
1184 1535 1496 1574 condemnarent
1531 1535 1658 1574 eidem
1690 1535 1878 1585 homines,
1916 1536 1983 1585 qui
2019 1538 2140 1575 antea
2175 1535 2445 1577 absolvissent.
2501 1538 2576 1579 Pro

193 1613 331 1662 aequis
357 1621 442 1650 cum
478 1610 639 1649 Castello
679 1609 807 1649 scribo
849 1620 999 1660 aequus
1028 1611 1079 1649 ita
1127 1614 1167 1649 ut
1207 1612 1392 1649 sententia
1433 1611 1568 1649 existat
1607 1610 1717 1648 haec:
1773 1608 1986 1649 considerat
2025 1611 2225 1659 imperator
2266 1610 2357 1650 nihil
2384 1591 2472 1662 non,
2498 1614 2522 1651 i.
2548 1624 2580 1653 e.

190 1687 344 1728 omnia
373 1686 447 1725 sibi
476 1696 563 1725 esse
591 1684 768 1735 curanda,
799 1696 884 1726 cum
913 1685 1144 1725 omnibus
1174 1694 1320 1734 aequus
1347 1689 1475 1726 custos
1503 1684 1648 1724 alienae
1675 1666 1807 1725 salutis
1833 1685 1901 1733 sit3
1938 1694 2026 1724 nam
2060 1694 2140 1724 non
2175 1689 2262 1735 post
2297 1686 2397 1726 nibil
2430 1697 2579 1738 nequa-

191 1772 303 1813 quam
328 1772 352 1801 a
374 1760 526 1800 librario
552 1759 715 1800 additum
743 1764 811 1811 cst,
838 1764 877 1799 ut
903 1760 1118 1811 Wagnerus
1154 1764 1191 1799 et
1220 1760 1393 1801 Valesius
1421 1761 1628 1810 voluerunt,
1654 1759 1756 1809 quod
1783 1760 1843 1799 vel
1878 1770 1955 1810 per
1974 1770 2017 1800 se
2052 1761 2153 1800 omni
2181 1760 2441 1811 probabilitate
2468 1768 2579 1804 caret.

193 1838 267 1878 Sui
290 1838 414 1876 tutela
440 1847 516 1875 nou
544 1835 856 1885 interpretandum
880 1839 949 1886 est,
976 1839 1016 1875 ut
1043 1837 1106 1874 sui
1133 1837 1183 1875 sit
1213 1838 1419 1888 genetivus,
1447 1837 1512 1886 qui
1541 1846 1564 1874 a
1594 1837 1847 1885 grammaticis
1874 1834 2008 1875 dicitur
2033 1834 2256 1887 obiectivus,
2281 1838 2320 1876 in
2348 1846 2424 1886 quo
2452 1848 2580 1878 errore

191 1913 310 1955 cidem
337 1914 408 1953 viri
433 1910 602 1952 videntur
627 1911 756 1962 fuisse,
784 1910 852 1950 sed
880 1910 940 1950 vel
967 1910 1209 1961 subiectivus‚
1238 1911 1298 1950 vel
1326 1913 1477 1953 omnino
1505 1912 1651 1962 positus
1678 1922 1747 1962 pro
1774 1911 1996 1962 pronomine
2021 1912 2260 1961 possessivo3
2289 1915 2346 1952 est
2372 1912 2486 1963 igitur
2511 1925 2581 1955 sua

189 1989 312 2040 nitela,
347 1998 456 2038 quam
491 1990 589 2038 ipse·
610 1988 695 2026 aliis
733 1989 838 2039 gerit.
895 1987 969 2027 Csr.
1019 1987 1102 2038 XV,
1141 1989 1176 2038 7,
1219 1988 1266 2026 6:
1315 1988 1390 2028 boc
1423 1989 1730 2028 administrante
1769 1987 1933 2027 Leontio
1971 1988 2152 2029 Liberius
2192 1988 2441 2031 Christianae
2482 1992 2579 2040 leqis

190 2067 365 2114 antistes,
395 2076 421 2103 a
453 2064 683 2104 Constantio
711 2064 767 2103 ad
793 2065 1023 2103 comitatam
1062 2065 1166 2102 mitti
1189 2068 1432 2114 praeceptus
1469 2068 1543 2112 est,
1574 2067 1774 2114 tamquam
1812 2063 2072 2113 Imperatoris
2099 2065 2219 2103 iussis
2247 2066 2287 2104 et
2310 2065 2575 2115 plurimorum

186 2144 266 2181 sui
300 2142 539 2181 consortium
567 2140 737 2179 decretis
771 2139 995 2185 absistens,·
1049 2138 1146 2190 XVI,
1197 2139 1258 2189 12,
1289 2139 1358 2178 23;
1385 2140 1459 2179 boc
1503 2142 1639 2190 itaque
1678 2139 1868 2190 disposito
1907 2138 2090 2178 dextrum
2130 2141 2213 2179 sui
2248 2140 2354 2182 latus
2389 2144 2576 2182 struxere

188 2216 442 2257 clandestinis
467 2214 622 2255 insidiis
650 2216 689 2254 et
717 2213 924 2262 obscuris;
953 2213 1049 2266 XVI,
1067 2213 1135 2265 12,
1155 2213 1227 2252 64:
1261 2212 1365 2254 Tunc
1382 2214 1577 2263 JulianuS,
1609 2216 1655 2253 ut
1682 2215 1771 2253 erat
1795 2210 1962 2262 fortuna
1987 2215 2075 2253 sui
2101 2216 2321 2265 spectatior
2347 2217 2574 2267 meritisque

186 2294 314 2342 maqis
340 2301 457 2342 quam
483 2292 648 2342 imperio
673 2294 815 2342 potem
846 2300 878 2329 c.
908 2299 944 2340 q.
974 2300 1029 2341 s.;
1058 2289 1191 2340 XXIII,
1220 2289 1257 2340 6,
1286 2289 1329 2328 6:
1365 2289 1630 2339 Quamobrem
1669 2289 1839 2328 numinis
1877 2298 1964 2327 eum
1992 2286 2068 2339 (sc.
2105 2289 2312 2342 Arsacem)
2340 2292 2427 2330 vice
2453 2301 2577 2330 oene-

183 2369 326 2407 rantur
355 2370 395 2407 et
421 2368 554 2407 colunt
590 2377 759 2417 eousque
789 2367 1027 2417 propayatis
1064 2366 1294 2414 bonoribus,
1338 2369 1382 2404 ut
1419 2365 1474 2405 ad
1509 2366 1683 2404 nostri
1713 2365 1946 2403 memoriam
1981 2373 2061 2404 non
2097 2366 2189 2404 nisi·
2207 2364 2421 2406 Arsacides
2448 2368 2485 2406 is
2510 2364 2575 2416 sit,

183 2443 388 2495 piusquam
417 2443 460 2482 in
486 2440 734 2494 stascipiendo
762 2450 884 2491 reqno
914 2441 1068 2481 cunctis
1104 2443 1373 2493 anteponatur
1383 2452 1400 2489 ,·
1427 2439 1597 2492 XXVIII,
1629 2439 1662 2491 1,
1694 2439 1759 2480 37;
1797 2438 1935 2491 quibus
1963 2439 2018 2480 ad
2043 2441 2124 2480 sui
2150 2441 2381 2480 societatem
2408 2440 2576 2482 adnexis

177 2514 301 2570 facile
327 2526 396 2559 eos
422 2515 575 2557 absolvi
595 2525 716 2569 posse
740 2514 960 2567 firmabant
977 2527 995 2565 ,·
1023 2514 1144 2567 XXX,
1178 2516 1214 2568 5,
1246 2514 1320 2556 19:
1348 2518 1594 2569 perissetque
1624 2514 1895 2560 cruciabiliter
1921 2517 2109 2557 innocens
2134 2516 2297 2566 iuvenis,
2325 2516 2367 2556 ni
2395 2515 2575 2559 tribunus

176 2594 327 2636 stabuli
357 2592 533 2635 Cerealis
561 2592 690 2633 dirum
715 2589 830 2643 nefas
859 2602 948 2632 cum
976 2601 1038 2632 su
1059 2593 1074 2631 i
1101 2592 1281 2643 periculo
1319 2591 1556 2642 distulisset;
1584 2592 1701 2646 XXX,
1733 2592 1795 2644 10,
1826 2592 1868 2633 6;
1906 2592 1958 2633 Et
1985 2593 2078 2633 licet
2104 2602 2193 2632 cum
2222 2591 2321 2633 baec
2349 2594 2573 2644 aqerentur,

185 2669 420 2713 Gratianum
446 2669 605 2720 indique
630 2669 804 2709 laturum
838 2669 1113 2709 existimantes
1159 2667 1309 2719 absque
1357 2673 1433 2709 sui
1474 2670 1671 2725 permissu
1714 2667 1936 2721 Principem
1981 2668 2104 2708 alium
2149 2665 2369 2708 institutum
2396 2678 2429 2708 e.
2459 2678 2495 2719 q
2522 2679 2572 2710 s.·
2563 2700 2574 2720 ,

177 2735 311 2799 XXXI,
341 2747 376 2797 5,
406 2746 472 2785 17;
503 2747 581 2786 nisi
608 2745 713 2796 quod
735 2748 879 2796 postea
912 2744 1177 2784 latrocinales
1212 2743 1319 2794 ylobi
1348 2746 1479 2784 vicina
1504 2755 1593 2784 cum
1621 2746 1700 2783 sui
1730 2745 1852 2783 exitio
1885 2745 2022 2783 rarius
2052 2742 2338 2790 incursabant;
2372 2741 2506 2794 XXXI,
2535 2744 2575 2793 7,

177 2824 224 2864 9:
254 2824 394 2861 contra
422 2821 590 2861 Romani
617 2821 678 2859 bis
715 2822 885 2870 coynitis
935 2822 1013 2870 ipsi
1049 2829 1201 2869 quoque
1244 2830 1452 2859 exsomnes
1485 2821 1725 2859 verebantur
1762 2820 1894 2859 hostes
1934 2848 2244 2857 .........
2275 2820 2454 2857 eventum
2481 2816 2575 2857 licet

175 2896 398 2950 uncinum,
427 2901 472 2936 ut
496 2908 659 2936 numero
686 2899 788 2935 satis
818 2894 1043 2948 inferiores,
1069 2905 1307 2947 prosperum
1342 2899 1473 2933 tamen
1503 2896 1552 2933 ob
1581 2898 1786 2934 iustiorem
1813 2898 1888 2934 sui
1917 2905 2081 2933 causam
2107 2894 2303 2933 mentibus
2331 2897 2572 2945 exspectan-

174 2978 235 3015 tes
259 2974 496 3026 impavidis;
523 2973 656 3024 XXXI,
686 2974 748 3024 10,
781 2975 826 3009 4:
858 2983 939 3010 non
970 2975 1057 3011 sine
1088 2974 1169 3010 sui
1195 2974 1357 3010 iactura
1387 2970 1558 3021 afflictos
1588 2973 1765 3020 =‹Jraviter
1793 2972 1942 3009 adultis
1968 2970 2119 3007 viribus
2147 2972 2384 3008 averterunt.

363 3141 401 3186 ⁹)
424 3142 678 3177 Observationes
701 3144 833 3177 criticae
857 3142 1067 3177 Ammiaueae
1092 3142 1223 3185 scripsit
1249 3141 1276 3176 J.
1299 3141 1507 3176 Hermann
1531 3140 1661 3175 Bonnae
1688 3139 1772 3174 1865
1796 3149 1829 3183 p.
1852 3140 1882 3173 8.
