2824 3647
430 348 1250 406 animat-mmmmm
1257 361 1323 397 et
1340 359 1508 408 ναίω
1533 359 1611 407 qua
1647 356 1721 396 alia
1755 367 1805 397 re
1845 314 2015 398 solutum
2032 368 2151 408 quarn
2175 359 2364 407 eeleritate
2385 361 2519 406 uini·
2526 363 2567 402 nt

333 454 354 475 a
408 437 437 463 ι
432 425 561 480 θοις
572 438 687 470 eum
697 431 903 484 angust&
884 431 1088 470 nem
1126 431 1357 480 potissimum
1403 432 1595 482 efficiatur,
1634 433 1802 483 protecto
1841 435 1933 473 satis
1969 437 2084 484 recte,
2109 435 2249 474 utiam
2274 445 2391 485 supra
2417 435 2570 487 δίκῃσί

122 499 326 549 m
339 506 561 547 eententtm
585 508 757 558 spectes,
765 505 950 551 Vettius
959 494 1173 556 amnas
1198 503 1350 557 addidit,
1362 504 1430 545 sed
1455 517 1582 546 nonne
1608 507 1721 546 multo
1746 507 1902 557 propius
1920 517 1943 546 a
1969 506 2138 547 codicum
2156 508 2340 559 scriptura
2366 509 2569 564 uberimus,

182 579 603 636 «mummium
630 581 802 633 ianque
815 573 856 620 a
867 579 1178 621 declivitate
1204 581 1390 621 solutus?
1417 581 1621 622 Declivitas
1639 585 1697 620 est
1732 582 1843 621 etiam
1877 580 1978 632 apud
2013 581 2274 622 Caesarem
2299 583 2338 622 in
2365 582 2449 623 bell.
2475 585 2569 627 Gall.

154 662 156 665 ’
189 654 287 709 *Ε
297 654 372 697 86.
396 647 570 710 eumn·
593 658 677 698 loct
700 658 760 698 ad
784 656 1049 702 &emaum
1069 656 1275 710 susubium
1300 668 1485 709 maqnum
1521 657 1642 697 babet
1680 659 1928 707 momentum,
1960 657 2033 696 hoc
2075 656 2224 709 quidem
2263 659 2349 698 loco
2391 658 2490 700 dicta
2517 660 2565 701 de

188 732 305 785 mg
347 731 417 772 sed
457 735 499 772 ut
537 732 752 772 declivis
797 732 1016 773 adiectivum
1045 744 1068 772 a
1106 735 1284 774 montium
1324 735 1474 784 fastigio
1513 734 1732 772 transfertur
1771 733 1819 772 ad
1854 734 2041 772 numinum
2091 745 2252 785 cursum,
2286 736 2351 785 qui
2378 736 2566 777 montibus

193 805 350 848 declivis
374 808 424 860 nt,
453 809 518 848 cfr.
549 806 708 848 Ovidii
735 809 882 848 Metam.
898 807 924 859 1,
953 807 1022 847 39:
1046 806 1285 861 fluminaque
1312 809 1479 860 obliquis
1507 810 1632 847 cinxit
1659 808 1828 848 declivia
1856 810 1966 859 ripis,
1981 809 2032 858 ita
2061 809 2168 847 etiam
2190 808 2379 850 declivitas
2404 813 2557 862 proprie

193 880 243 922 de
268 872 455 923 montibus
482 882 691 931 dictasseam
724 892 875 933 quoque
902 882 1054 924 admittit
1080 885 1431 935 interpretationem,
1458 887 1497 922 ut
1533 884 1755 923 celeritatem
1794 895 1926 924 cursus
1962 883 2170 924 declivitate
2197 887 2372 925 montium
2399 886 2567 936 effectam

193 966 240 996 ea
263 967 358 997 voce
381 957 585 1008 significari
611 961 794 1008 putemus.

1248 1060 1351 1119 XV,
1379 1063 1423 1121 4,
1455 1063 1494 1113 7.

289 1191 292 1193 “
353 1199 527 1251 Arbetio,
556 1202 622 1253 qui
649 1200 840 1241 adventus
869 1199 1134 1239 barbarorum
1160 1201 1389 1239 nuntiarent
1414 1210 1494 1240 non
1528 1203 1762 1252 exspectans
1791 1200 1882 1239 dum
1922 1200 2116 1250 adessent,
2147 1201 2239 1239 licet
2265 1202 2386 1240 sciret
2413 1211 2560 1252 aspera

193 1285 288 1316 orsa
317 1275 534 1324 bellorum,·
562 1277 604 1316 in
632 1276 809 1316 occultas
837 1274 992 1315 delatus
1017 1274 1195 1324 insidias,
1224 1277 1333 1314 stetit
1358 1276 1569 1316 immobilis
1603 1277 1709 1315 malo
1737 1278 1940 1327 repentino
1968 1277 2189 1327 perculsus.
2247 1276 2407 1315 Interea
2438 1279 2512 1316 visi
2541 1288 2563 1315 e

191 1351 355 1392 latebris
381 1350 512 1392 hostes
540 1352 726 1392 exsiliunt
754 1353 793 1391 et
819 1352 903 1390 sine
935 1351 1199 1402 parcimonia,
1238 1351 1423 1402 quidquid
1457 1349 1601 1401 offendi
1637 1354 1809 1403 poterat,
1842 1352 2021 1400 (telorum
2054 1362 2198 1402 qenere
2225 1352 2431 1402 multiplici
2460 1363 2560 1391 con-

186 1425 370 1477 fiqebant.

351 1501 393 1541 In
418 1500 609 1542 codicibus
639 1501 733 1542 duae
761 1505 847 1541 sunt
882 1501 1041 1542 lacunae
1080 1501 1119 1539 in
1155 1500 1252 1540 hunc
1287 1499 1453 1540 modum:
1505 1500 1712 1551 perculsus
1746 1530 2044 1539 ............
2070 1501 2145 1554 6Ῑεί
2173 1498 2224 1553 e]
2235 1500 2400 1540 latebris
2427 1500 2559 1540 hostes

190 1576 377 1616 exsiliunt
403 1579 438 1615 et
464 1578 550 1616 sine
572 1588 673 1627 pars
714 1603 987 1618 ...........
1029 1577 1099 1615 nia
1139 1575 1328 1626 quidquid
1375 1573 1521 1625 offendi
1560 1578 1720 1626 poterat
1748 1586 1779 1614 e.
1807 1574 1853 1626 jq.
1897 1586 1928 1615 s.
1994 1575 2189 1625 Supplevit
2230 1574 2355 1625 verba,
2382 1580 2421 1616 ut
2449 1587 2563 1627 supra

186 1652 434 1702 perscriptum
462 1657 529 1703 est,
558 1652 740 1691 Valesius.
798 1651 872 1692 Sed
899 1652 937 1691 in
965 1651 1089 1701 priore
1116 1649 1371 1691 emendatione
1402 1661 1479 1690 non
1521 1654 1645 1701 aptum
1688 1654 1744 1690 est
1786 1648 1833 1690 ad
1874 1650 2094 1689 sententiam
2135 1650 2289 1689 interea
2332 1649 2564 1690 adverbium.

186 1725 281 1765 Nam
310 1736 394 1765 cum
422 1730 532 1765 antea
560 1724 694 1766 dictum
724 1727 782 1777 sit,
808 1725 1047 1766 Arbetionem
1076 1726 1225 1765 stetisse
1251 1726 1486 1778 immobilem,
1524 1725 1620 1765 malo
1664 1727 1855 1775 repentino
1901 1725 2124 1776 perculsum,
2167 1726 2239 1764 iam
2266 1723 2318 1776 [in
2349 1725 2423 1776 {eis‚
2466 1734 2562 1775 quae

187 1805 404 1852 sequuntur,
431 1802 638 1853 exponItur,
666 1800 765 1852 quod
792 1801 865 1841 hcc
894 1800 1029 1841 malum
1056 1801 1179 1849 fuerit3
1209 1799 1437 1842 desideratur
1465 1802 1575 1853 igitur
1602 1791 1700 1841 talis
1723 1802 1945 1852 coniunctio,
1985 1810 2082 1850 quae
2114 1799 2253 1840 indicet
2290 1800 2559 1851 posterioribus

184 1877 310 1927 priora
336 1876 527 1926 explicari.
582 1876 779 1916 Praeterea
807 1878 882 1916 visi
919 1876 1094 1926 reliquias
1130 1877 1265 1926 integri
1305 1876 1478 1917 vocabuli
1519 1877 1723 1927 improvisi
1773 1886 1858 1915 esse
1900 1879 2002 1927 puto,
2043 1885 2126 1914 cum
2171 1876 2433 1926 repentino
2460 1875 2557 1915 malo

183 1950 393 2001 perculsum
421 1961 507 1991 esse
533 1950 772 1991 Arbetionem
800 1955 907 1991 antea
935 1951 1144 2002 legerimus.
1202 1950 1446 1992 Scribendum
1488 1953 1598 2002 igitur
1634 1956 1707 1991 est:
1750 1951 1928 2002 Namque
1969 1952 2182 2001 improvisi.
2253 1951 2381 1989 Altera
2423 1951 2558 1990 lacuna

183 2016 268 2076 plus
296 2030 370 2065 tres
398 2026 525 2066 literae
553 2026 778 2079 exciderunt,
806 2037 922 2077 quare
951 2026 1071 2067 solum
1112 2026 1364 2076 parcimoniae
1406 2026 1689 2078 substantivum,
1719 2030 1819 2066 recte
1860 2026 1897 2066 id
1942 2025 2088 2077 quidem
2133 2037 2155 2064 a
2192 2026 2342 2065 Valesio
2384 2024 2558 2076 additum,

182 2099 293 2139 nobis
320 2101 537 2140 satisfacere
563 2112 638 2141 non
666 2106 800 2154 potest,
827 2101 894 2141 sed
920 2103 1027 2141 etiam
1057 2102 1188 2140 omnia
1231 2099 1438 2142 addendum
1467 2105 1557 2151 puto
1594 2103 1643 2141 ita
1671 2106 1709 2142 ut
1736 2101 1934 2153 legendum
1950 2103 2014 2140 sit:
2042 2102 2126 2140 sine
2146 2102 2394 2151 parsimonia
2423 2102 2555 2139 omnia

183 2176 369 2227 qvidqvid
392 2173 538 2226 offendi
558 2180 723 2228 poterat
752 2187 784 2217 6.
814 2186 848 2226 q.
877 2186 906 2217 r.

1229 2321 1331 2383 XV,
1363 2323 1405 2384 5,
1438 2322 1505 2373 12.

348 2449 517 2502 Cumque
550 2449 701 2491 iudices
733 2447 993 2501 fastidis-sent,
1030 2449 1255 2492 Florentius
1292 2450 1521 2502 Niqriniani
1558 2450 1675 2502 filius,
1714 2461 1834 2502 aqens
1860 2450 1964 2501 {tunc
1988 2460 2065 2502 pro
2095 2450 2286 2499 maqistro
2318 2445 2553 2498 officiorum,
2583 2426 2589 2434 .

179 2527 449 2578 conternplans
467 2525 701 2576 diliqentius
727 2527 889 2577 scripta,
930 2526 1162 2578 apicumque
1198 2528 1456 2580 pristinontm
1490 2526 1680 2578 reliquias
1716 2526 1906 2578 quasdam
1943 2527 2156 2577 reperiens,
2187 2523 2481 2572 animadvertit,
2508 2526 2553 2563 ut

174 2600 330 2653 factum
355 2605 425 2651 est,
450 2603 589 2652 priore
616 2604 727 2642 textu
752 2602 992 2653 interpolato
1024 2602 1139 2653 lonqe
1166 2603 1252 2643 alia
1277 2612 1395 2653 quam
1423 2603 1600 2643 dictarat
1634 2603 1828 2650 Silvanus,
1868 2613 1919 2642 ea·
1948 2601 2108 2642 libidine
2140 2600 2554 2640 consarcinatae

175 2663 371 2717 sanitatis
401 2676 619 2727 adscripta.

339 2750 547 2793 Audiamus
572 2752 805 2793 Ammianum
840 2753 962 2803 ipsum
1003 2751 1129 2802 paullo
1169 2756 1258 2793 ante
1297 2756 1509 2794 narrantem
1548 2750 1745 2793 nefandum
1787 2751 1914 2794 scelus
1953 2753 2204 2803 perpetratum
2253 2748 2302 2789 ab
2343 2747 2555 2789 homiuibus

175 2827 432 2878 nequissimis:
485 2825 714 2880 ¹,Dynamius
760 2825 909 2878 quidam
951 2828 1139 2869 actuarius
1170 2827 1420 2869 ‘sarcinalium
1460 2828 1639 2879 principis
1675 2828 1935 2879 iumentorum,
1960 2824 2290 2868 commendaticias
2320 2823 2370 2864 ab
2398 2833 2445 2863 eo
2472 2820 2547 2874 (sc.

167 2899 355 2955 Silvano)
381 2902 537 2954 petierat
564 2902 692 2944 literas
718 2900 767 2943 ad
793 2903 948 2954 amicos,
973 2906 1014 2944 ut
1040 2904 1149 2954 quasi
1174 2903 1367 2946 familiaris
1394 2903 1561 2947 eiusdem
1585 2906 1686 2945 esset
1714 2903 1945 2945 notissimus.
2015 2902 2099 2944 Hoc
2138 2902 2333 2952 impetrato
2374 2908 2461 2939 cum
2488 2898 2550 2939 ille

172 2976 265 3020 nibil
290 2979 491 3030 suspicans
518 2977 733 3030 simpliciter
772 2979 1033 3030 praestitisset,
1069 2977 1249 3020 servabat
1283 2979 1473 3032 epistolas,
1513 2983 1553 3021 ut
1593 2979 1844 3031 perniciosum
1885 2976 2026 3031 aliquid
2068 2978 2107 3018 in
2146 2980 2314 3027 tempore
2352 2973 2556 3021 moliretur,

171 3050 377 3095 Memorato
402 3055 529 3105 itaque
550 3053 649 3095 duce
675 3054 814 3095 Gallias
839 3064 888 3095 ex
914 3054 1107 3105 republica
1135 3053 1369 3095 discursante
1382 3053 1641 3104 barbarosque
1666 3054 1908 3105 propellente,
1924 3054 2001 3093 iam
2029 3051 2104 3093 sibi
2132 3048 2340 3089 diffidentes
2368 3052 2405 3087 et
2430 3049 2552 3099 trepi-

172 3125 323 3171 tntu:
348 3126 461 3170 ,idem
504 3128 713 3181 Dynamius
739 3129 949 3180 inquietius
991 3138 1112 3181 ageas
1148 3131 1191 3168 ut
1228 3132 1399 3171 versutus
1440 3132 1477 3169 et
1517 3130 1556 3169 in
1595 3128 1758 3170 fallendo
1799 3129 2045 3179 exercitatus„
2066 3122 2234 3215 [taudem
2260 3122 2548 3164 comminiscitur
