2824 3647
336 566 366 596 „
407 568 435 579 Γ.
473 518 619 598 Τ),
636 507 1525 585 mammaemammal!
1533 526 1852 584 mmmmm.
1847 501 1952 573 tes.
2007 524 2310 582 omnam
2344 536 2477 580 ωρ-
2501 536 2606 585 ,μ

128 633 130 636 -
175 602 241 677 ,ἑ
317 591 428 675 413⁴?
448 589 693 656 Μ,
688 594 882 666 §m
893 600 1057 665 ‘lm
1061 601 1328 669 mulam
1340 600 1495 655 bestias
1512 614 1617 647 ιιοιι
1613 603 1927 656 appropinquare
1945 599 2185 648 Maenium
2210 606 2282 658 eet,
2305 612 2423 654 quaro
2442 612 2604 655 proetus

175 664 659 734 „ffuminum
671 667 818 731 ῑοῶρ
822 661 1077 729 &W
1102 677 1225 719 retiis.
1263 675 1363 727 Nec
1398 687 1482 724 cum
1515 678 1712 730 Ἠρξατο
1731 676 1787 719 de
1830 677 1922 724 ¹teris
1949 675 2137 719 cadavera
2164 676 2395 723 ”cuntibus
2432 678 2602 730 cogitati

194 739 333 807 Μ»
338 749 446 809 aut·
456 751 587 800 mlh
598 761 726 802 eorum
752 749 981 808 boetianum
1006 751 1235 803 significatio
1276 749 1432 801 additur.
1497 753 1546 794 At
1583 752 1693 798 loco
1707 752 1820 794 simili
1853 762 1885 791 ιι
1917 750 2067 792 Valesio
2094 751 2205 792 citato
2232 761 2310 793 rem
2335 751 2471 793 confici
2496 741 2601 802 petet

177 813 454 880 mrim
469 825 660 886 leguntur
677 827 775 870 enim
801 827 867 868 in
880 825 977 878 libro
996 825 1137 877 XXXI,
1164 825 1202 877 2,
1230 827 1257 866 4
1295 822 1394 869 diota
1433 824 1481 870 de
1508 826 1670 868 Hunnis
1680 826 1795 866 haec:
1825 821 2026 874 Aedificiis
2048 819 2171 870 nullis
2196 835 2369 876 unquam
2397 826 2503 876 tecti,
2527 824 2601 872 sed

209 897 345 947 ,laec
339 901 1510 953 educauwcmmmndisoretasepulomdechnant
1565 900 1640 941 Sed
1678 906 1826 941 tantum
1855 898 1974 949 abest,
2013 903 2053 939 ιιι
2069 892 2185 941 haec
2225 897 2339 939 verba
2386 899 2595 954 Valesiiet

224 974 405 1028 Wagneri
444 976 667 1020 sententiam
700 975 939 1026 confirment,
962 980 1021 1016 ιιι
1061 987 1142 1019 eam
1184 975 1315 1016 salsam
1354 986 1444 1020 esse
1484 979 1700 1026 coarguant.
1765 974 1860 1017 Nam
1900 974 2025 1016 Hunni
2067 973 2236 1016 aedilicia
2277 975 2396 1015 vitare
2429 974 2599 1026 dicuntur

225 1048 336 1100 quasi
378 1048 554 1100 sepulcra
597 1050 684 1101 sint,
724 1049 824 1090 nulla
866 1049 939 1091 alia
978 1060 1095 1092 causa
1136 1047 1272 1101 addita,
1325 1050 1384 1090 cui
1422 1048 1507 1090 loco
1550 1047 1680 1088 similis
1721 1052 1822 1088 esset
1866 1057 1978 1099 supra
1998 1046 2229 1102 ³propositus
2270 1047 2304 1087 si
2347 1047 2598 1101 omitterentur

221 1121 336 1164 verba
367 1123 614 1165 circmndata
640 1125 762 1165 retiis.
817 1123 893 1165 Sed
921 1135 965 1165 ea
993 1126 1076 1175 ipsa
1108 1122 1230 1164 addita
1255 1123 1457 1170 ostendunt
1469 1122 1666 1166 ,diversam
1693 1133 1781 1162 esse
1822 1123 2000 1162 rationem
2033 1122 2225 1172 utriusque
2262 1121 2333 1162 loci
2371 1122 2597 1174 legendum-

221 1208 318 1249 que:
344 1201 390 1239 ut
417 1200 665 1241 circumdata
690 1201 805 1240 retiis
833 1200 1015 1240 tustra.

1261 1280 1388 1342 XVI,
1409 1281 1536 1343 23‚··3.

381 1382 467 1429 'Ubi
495 1389 687 1429 bellorum
714 1389 991 1429 inundantium
1016 1390 1159 1433 molem
1186 1388 1358 1429 humeris
1383 1391 1479 1438 suis,
1507 1389 1611 1441 quod
1650 1389 1805 1436 dieitur,
1834 1387 1986 1437 vehens,
2014 1388 2269 1429 scindebatur
2295 1391 2336 1428 in
2361 1389 2597 1440 multiplices

212 1449 372 1506 curas:
402 1468 447 1505 ut
472 1465 630 1515 milites,
652 1467 726 1523 (qui
752 1477 778 1505 a
806 1466 935 1507 solitis
962 1466 1239 1506 descivere
1262 1465 1490 1516 praesidiis,
1519 1463 1801 1505 reducerentur
1825 1462 1881 1503 ad
1908 1462 1999 1503 loca
2029 1466 2223 1514 suspecta.

385 1540 511 1580 Verba
540 1542 606 1591 qui
633 1551 660 1579 a
687 1540 818 1581 solitis
860 1540 1060 1581 descivere
1098 1539 1313 1590 praesidiis
1341 1541 1428 1581 mihi
1457 1550 1632 1591 magnam
1660 1542 1810 1578 movent
1838 1536 2112 1579 dubitationem.
2184 1538 2276 1578 Nam
2306 1550 2351 1579 ea
2377 1538 2467 1579 nihil
2497 1538 2595 1580 aliud

219 1615 432 1666 siguificare
449 1620 619 1666 ,possunt
644 1617 717 1655 nisi
745 1615 878 1656 milites
906 1614 1099 1655 deiecisse.
1156 1597 1232 1654 Sed
1258 1619 1298 1654 ιιι
1325 1616 1489 1655 omittam
1518 1613 1722 1654 desiderari
1760 1612 1805 1652 ad
1845 1624 1954 1663 quem
1992 1612 2127 1654 milites
2157 1613 2367 1666 defecerint,
2394 1620 2495 1654 certe
2521 1620 2594 1655 tam

220 1699 337 1740 grave
364 1690 517 1730 militum
549 1691 675 1730 scelus
703 1692 913 1730 accuratius
926 1691 1157 1741 Ammianus,
1185 1691 1266 1739 ipse
1292 1689 1411 1742 miles,
1438 1690 1705 1743 explicavisset
1720 1699 1842 1739 neque
1869 1688 1962 1728 solis
1990 1688 2048 1728 his
2076 1688 2203 1729 verbis
2231 1690 2371 1729 crimen
2398 1690 2595 1730 atrocissi-

220 1774 319 1804 mum
350 1766 457 1813 quasi
485 1768 715 1815 praeteriens
745 1766 1121 1805 commemoravisset.
1180 1767 1228 1805 At
1255 1766 1287 1804 si
1314 1763 1674 1804 consideraverimus
1703 1774 1800 1813 quae
1827 1774 1940 1814 supra
1974 1765 2191 1804 Ammianus
2216 1765 2341 1814 eapite
2367 1763 2530 1804 secundo
2558 1769 2596 1804 et

219 1840 326 1879 tertio
354 1840 571 1891 narraverit,
599 1838 687 1890 quid
717 1840 788 1880 hoc
815 1840 901 1880 loco
928 1839 1052 1880 dicere
1078 1839 1243 1892 voluerit,
1268 1841 1358 1880 satis
1385 1839 1618 1879 manifestum
1649 1839 1725 1878 erit.
1781 1838 1951 1878 Julianus
1990 1843 2185 1889 postquam
2224 1849 2291 1889 per
2316 1838 2473 1895 Galliam
2501 1849 2596 1889 pro-

219 1913 342 1953 fectus
372 1913 410 1951 in
438 1913 620 1952 civitatem
650 1913 848 1954 Remorum
878 1924 962 1954 cum
992 1925 1108 1965 parva
1136 1925 1246 1954 manu
1273 1913 1452 1964 pervenit,
1482 1912 1545 1952 ubi
1574 1914 1775 1952 exercitum
1804 1915 1851 1952 in
1888 1923 2027 1953 unum
2057 1917 2409 1964 congregatum
2438 1915 2598 1953 iusserat

220 1987 382 2040 opperiri
411 1990 659 2038 praesentiam
688 2000 807 2039 suam,
836 1989 1011 2040 Francos,
1037 1991 1099 2040 qui
1127 1990 1365 2029 incursiones
1397 1990 1437 2027 iu
1473 1988 1565 2028 fines
1605 1987 1795 2028 Romanos
1836 1989 2011 2040 fecerant,
2050 1990 2139 2028 vicit
2178 1988 2462 2038 compluresque
2486 1986 2601 2028 urbe·

219 2063 361 2114 recepit
392 2063 540 2113 hocque
566 2063 678 2105 modo
705 2075 800 2115 pace
828 2064 969 2104 firmata
997 2064 1185 2104 abscessit
1212 2063 1260 2103 ab
1281 2063 1435 2116 Colonia
1461 2065 1669 2115 Agrippina
1709 2064 1808 2114 apud
1836 2064 2008 2104 Senonas
2036 2063 2208 2115 oppidum
2236 2064 2471 2103 hiematurus.
2525 2059 2601 2103 Ubi

219 2139 259 2177 in
287 2137 513 2189 multiplices
542 2137 814 2179 distrahebatur
842 2150 963 2191 curas,
991 2140 1086 2179 inter
1113 2150 1209 2189 quas
1240 2150 1284 2178 ea
1311 2143 1400 2190 erat,
1429 2144 1468 2180 ut
1493 2141 1527 2179 ei
1556 2139 1703 2190 milites,
1730 2141 1792 2189 qui
1820 2138 1867 2179 ad
1899 2139 2036 2180 bellum
2067 2139 2267 2191 gerendum
2296 2149 2353 2178 ex
2382 2137 2601 2191 urbibus,

222 2212 360 2262 quibus
389 2217 500 2251 antea
527 2212 716 2262 praesidio
745 2214 900 2263 fuerant,
927 2219 1290 2264 convenerant,
1319 2213 1451 2252 eodum
1492 2213 1766 2263 reducerentur,
1807 2225 1891 2253 cum
1935 2216 2110 2265 regiones
2150 2214 2198 2253 ab
2239 2212 2409 2253 hostibus
2436 2211 2600 2252 nondum

222 2287 315 2326 satis
345 2291 444 2326 tutae
487 2292 623 2326 essent
689 2287 771 2326 ,lam
813 2292 978 2338 apertum
1022 2292 1090 2338 est,
1136 2287 1245 2337 quale
1286 2281 1439 2327 uerbum
1484 2287 1712 2327 desideretur
1753 2298 1874 2338 neque
1904 2290 2027 2329 minus
2053 2293 2218 2339 apertum
2247 2289 2447 2328 descivere
2474 2297 2600 2326 veram

221 2361 445 2412 scripturam
475 2371 561 2400 esse
589 2372 664 2401 non
693 2372 818 2412 posse.
875 2361 1030 2401 Conicio
1058 2362 1170 2412 igitur
1196 2363 1430 2403 Ammianum
1458 2363 1657 2413 scripsisse
1693 2364 1758 2414 qui
1799 2373 1825 2401 a
1869 2363 1999 2403 solitis
2038 2363 2344 2402 discurrere
2377 2362 2600 2414 praesidiis

221 2433 472 2475 Discurrendi
499 2435 651 2475 verbum
680 2445 904 2486 quamquam
932 2436 1151 2486 plerumque
1178 2437 1379 2487 significat:
1406 2439 1445 2476 in
1474 2436 1644 2477 diversas
1671 2441 1796 2488 partes
1825 2437 2009 2477 currendo
2036 2438 2152 2489 abire,
2188 2443 2312 2477 tamen
2351 2437 2449 2488 apud
2478 2439 2599 2488 ipsum

222 2509 458 2549 Ammianum
487 2522 568 2550 eam
595 2522 744 2562 quoque
773 2512 1085 2562 significationem
1115 2512 1239 2561 habet,
1263 2522 1372 2562 quam
1400 2511 1472 2551 hoc
1498 2512 1583 2551 loco
1613 2512 1771 2552 subesse
1799 2517 1900 2563 puto,
1927 2518 1966 2551 ut
1992 2513 2041 2552 sit
2067 2523 2090 2551 a
2119 2511 2276 2551 diversis
2305 2512 2473 2562 partibus
2508 2523 2601 2552 cur-

220 2583 337 2623 rendo
371 2586 409 2624 in
440 2596 552 2625 unum
583 2585 702 2625 locum
732 2588 952 2636 convenire3
981 2587 1049 2626 cfr.
1078 2586 1211 2634 XXIX,
1239 2588 1274 2638 5,
1304 2587 1372 2625 25:
1402 2588 1532 2626 caesis
1561 2585 1739 2626 omnibus
1765 2586 1909 2625 incolis
1948 2585 2225 2636 moenibusque
2261 2587 2523 2637 complanatis
2549 2586 2602 2625 ad

216 2656 475 2709 'Tinaitanum
504 2661 710 2700 castellum
735 2672 972 2712 progressus
995 2672 1070 2713 per
1096 2663 1358 2701 Ancorarium
1384 2665 1556 2702 montem
1583 2662 1766 2701 Mazicas
1794 2662 1837 2700 in
1865 2672 1985 2700 unum
2014 2661 2201 2701 collectos
2227 2664 2383 2711 incasit,
2412 2664 2494 2701 iam
2521 2661 2602 2701 tela

221 2736 520 2785 reciprocantes
546 2736 756 2775 volitantia
783 2737 988 2786 yrandinis
1015 2738 1105 2777 ritu.
1161 2736 1214 2777 Et
1238 2748 1325 2777 cum
1354 2741 1457 2777 esset
1484 2738 1736 2787 utrimque
1765 2735 1874 2776 disc
1890 2746 2072 2785 ursum,
2110 2737 2271 2785 aomina
2286 2738 2382 2776 ciris
2407 2737 2604 2787 amnisque

222 2810 395 2851 incitata
420 2814 648 2851 nostrorum
674 2823 755 2851 non
778 2810 1026 2863 perferentes
1053 2812 1233 2853 Mazices
1260 2843 1422 2853 .....
1444 2810 1564 2862 foedo
1594 2810 1801 2862 diffluxere
1830 2815 1994 2852 terrore.

1264 2957 1392 3020 XVI,
1423 2959 1466 3021 5,
1500 2959 1567 3010 17.

407 3074 530 3126 thue
559 3075 710 3116 bestiae
738 3076 944 3116 custodum
970 3075 1209 3126 neqliyentia
1235 3079 1356 3126 raptu
1394 3077 1528 3116 cicere
1566 3075 1721 3124 solitae,
1764 3085 1815 3114 ne
1853 3075 1914 3115 his
1957 3077 2111 3127 qt‘idcm
2145 3078 2308 3116 remotis
2340 3077 2606 3128 adpositisque

235 3147 472 3200 fortioribus
499 3150 787 3201 abscesserunt,
816 3152 889 3192 sed
915 3154 1175 3193 tumescentes
1200 3153 1335 3192 inedia
1372 3153 1459 3192 sine
1500 3155 1681 3202 respectu
1717 3151 1861 3192 salutis
1897 3156 2079 3193 armenta
2118 3153 2183 3193 cel
2212 3163 2350 3203 greges
2383 3154 2606 3194 incursant:
